@book{CLRS_2009,
author = {Cormen, Thomas H. and Leiserson, Charles E.
and Rivest, Ronald L. and Stein, Clifford},
title = {Introduction to Algorithms, Third Edition},
year = {2009},
isbn = {0262033844, 9780262033848},
edition = {3rd},
publisher = {The MIT Press},
address = {Cambridge, MA}
}

@misc{kumar_2020,
title={TimSort},
url={https://www.geeksforgeeks.org/timsort/},
journal={GeeksforGeeks},
author={Kumar, Aditya},
year={2020},
month={Oct},
note          = {Accessed 16.11.2020}} 

@misc{tim-sort,
title={TimSort},
url={https://en.wikipedia.org/wiki/Timsort},
journal={GeeksforGeeks},
author={Wikipedia},
year={2020},
month={Oct},
note          = {Accessed 16.11.2020}} 

@misc{insertion_sort,
title={Insertion Sort},
url={https://www.geeksforgeeks.org/insertion-sort/},
journal={GeeksforGeeks},
author={GeeksforGeeks},
year={2020},
month={Oct},
note          = {Accessed 13.11.2020}} 

@misc{bubble_sort,
title={Bubble Sort},
url={https://www.geeksforgeeks.org/bubble-sort/},
journal={GeeksforGeeks},
author={GeeksforGeeks},
year={2020},
month={Sep},
note          = {Accessed 15.11.2020}} 

@misc{timeit,
title={timeit - Measure execution time of small code snippetsÂ¶},
url={https://docs.python.org/3/library/timeit.html?fbclid=IwAR3T1n1kKqqQ4eh27EpV9C0_nCHYOGUH9I_gbYo6dYc458Bf0DwkEZQM_RU},
journal={timeit - Measure execution time of small code snippets - Python 3.9.0 documentation},
author={Python Software Foundation},
year={2020},
month={Nov},
note          = {Accessed 14.11.2020}} 






